<?xml version="1.0" encoding="UTF-8"?><record xmlns="http://www.loc.gov/MARC21/slim" xmlns:cinclude="http://apache.org/cocoon/include/1.0" xmlns:zs="http://www.loc.gov/zing/srw/">
  <leader>00597cz  a2200157n  4500</leader>
  <controlfield tag="001">n  50002153 </controlfield>
  <controlfield tag="003">DLC</controlfield>
  <controlfield tag="005">20130316074910.0</controlfield>
  <controlfield tag="008">800213n| aaannaabn          |a ana      </controlfield>
  <datafield tag="010" ind1=" " ind2=" ">
    <subfield code="a">n  50002153 </subfield>
  </datafield>
  <datafield tag="035" ind1=" " ind2=" ">
    <subfield code="a">(OCoLC)oca00037811</subfield>
  </datafield>
  <datafield tag="040" ind1=" " ind2=" ">
    <subfield code="a">DLC</subfield>
    <subfield code="b">eng</subfield>
    <subfield code="c">DLC</subfield>
    <subfield code="d">OCoLC</subfield>
    <subfield code="d">DLC</subfield>
  </datafield>
  <datafield tag="110" ind1="1" ind2=" ">
    <subfield code="a">Arizona.</subfield>
    <subfield code="b">State Department of Finance.</subfield>
    <subfield code="b">Planning Division</subfield>
  </datafield>
  <datafield tag="410" ind1="1" ind2=" ">
    <subfield code="w">nnea</subfield>
    <subfield code="a">Arizona.</subfield>
    <subfield code="b">State Dept. of Finance.</subfield>
    <subfield code="b">Planning Division</subfield>
  </datafield>
  <datafield tag="667" ind1=" " ind2=" ">
    <subfield code="a">THIS 1XX FIELD CANNOT BE USED UNDER RDA UNTIL THIS RECORD HAS BEEN REVIEWED AND/OR UPDATED</subfield>
  </datafield>
  <datafield tag="670" ind1=" " ind2=" ">
    <subfield code="a">Its Report of the Planning Division, State Dept. of Finance, 1971/72.</subfield>
  </datafield>
</record>